@article{HowToDesignComputerSecurityExperiments,
	title = {How to design computer security experiments},
	author = {Peisert, Sean and Bishop, Matt},
	booktitle = {Fifth World Conference on Information Security Education, Proceedings of the IFIP TC11 WG 11.8, WISE 5, 19 to 21 June 2007, United States Military Academy, West Point, New York, USA},
	doi = {10.1007/978-0-387-73269-5_19},
	editor = {Futcher, Lynn and Dodge, Ronald},
	isbn = {978-0387732688},
	issn = {1868-4238},
	journal = {WISE},
	month = {6},
	pages = {141--148},
	publisher = {Springer Science+Business Media},
	url = {https://link.springer.com/content/pdf/10.1007%2F978-0-387-73269-5_19.pdf},
	volume = {237},
	year = {2007},
}

@inproceedings{DosAndDontsML,
	title = {Dos and don'ts of machine learning in computer security},
	author = {Arp, Daniel and Quiring, Erwin and Pendlebury, Feargus and Warnecke, Alexander and Pierazzi, Fabio and Wressnegger, Christian and Cavallaro, Lorenzo and Rieck, Konrad},
	booktitle = {31st USENIX Security Symposium, USENIX Security 2022, Boston, MA, USA, August 10-12, 2022},
	editor = {Butler, Kevin R. B. and Thomas, Kurt},
	publisher = {USENIX Association},
	year = {2022},
}

@inproceedings{SoKScienceOfSecurity,
	title = {SoK: Science, Security, and the Elusive Goal of Security as a 
Scientific Pursuit},
	author = {Herley, Cormac and Van Oorschot, Paul C.},
	booktitle = {2017 IEEE Symposium on Security and Privacy, SP 2017, San Jose, CA, USA, May 22-26, 2017},
	doi = {10.1109/sp.2017.38},
	journal = {IEEE Symposium on Security and Privacy},
	month = {5},
	pages = {99--120},
	publisher = {IEEE Computer Society},
	url = {https://doi.org/10.1109/sp.2017.38},
	year = {2017},
}
